@ARTICLE{NGdescent,

  author={Amari, Shun-ichi},

  journal={Neural Computation}, 

  title={Natural Gradient Works Efficiently in Learning}, 

  year={1998},

  volume={10},

  number={2},

  pages={251-276},

  keywords={},

  doi={10.1162/089976698300017746}}


 @misc{Karpathy2022,
  author = {Andrej Karpathy},
  title = {\text{NanoGPT}},
  year = {2022},
  publisher = {GitHub},
  journal = {GitHub repository},
  howpublished = {\url{https://github.com/karpathy/nanoGPT}},
  commit = {325be85d9be8c81b436728a420e85796c57dba7e}
}
